




%%%%%%%%%%%%%%%%%%%%%%%%%%%%%
%%%% Earthquake Model Testing

@Article{Zechar2010,
  author = 	 {J. Douglas Zechar and Thomas H. Jordan},
  title = 	 {The Area Skill Score Statistic for Evaluating
                  Earthquake Predictability Experiments},
  journal = 	 {Pure and Applied Geophysics},
  year = 	 {2010},
  volume = 	 {167},
  number = 	 {8--9},
  pages = 	 {893--906},
  month = 	 {August},
}

%% The RI Model
@Article{Nanjo2011,
  author = 	 {K. Z. Nanjo},
  title = 	 {Earthquake forecasts for the CSEP Japan experiment based on the RI algorithm},
  journal = 	 {Earth Planets Space},
  year = 	 {2011},
  volume = 	 {63},
  pages = 	 {261--274},
}

%% Schorlemmer R-Test, N-Test, etc (Eu li a versao de 2004, nao esta)
@Article{Schorlemmer2007,
  author = 	 {D. Schorlemmer and M. Gerstenberger and S. Wiemer
                  and D. Jackson and D. A. Rhoades},
  title = 	 {Earthquake Likelihood Model Testing},
  journal = 	 {Seismological Research Letters},
  year = 	 {2007},
  volume = 	 {78},
  number = 	 {1},
  pages = 	 {17--29},
}


%%%%%%%%%%%%%%%%%%%%%%%%%%%%
%%% Earthquakes and GA %%%%%


%%%% STATION/EQUIPMENT SETTING %%%%
% Ramos et al use GA to decide the best location for earthquake sensing 
% stations (not very useful in Japan
@InProceedings{Ramos2011,
  author = 	 {Josafath I. Espinosa Rmaos and Roberto A. V\'azques},
  title = 	 {Locating Seismic-Sense Stations Through Genetic
                  Algorithms},
  booktitle = {Proceedings of the GECCO'11},
  pages = 	 {941--948},
  year = 	 {2011},
  address = 	 {Dublin, Ireland},
  month = 	 {July},
  publisher = {ACM},
}


%%%% PARAMETER SETTING FOR ONE EARTHQUAKE
% Nickman et al estimate the surface parameters of one earthquake
@Article{Nicknam2010,
  author = 	 {Ahmad Nicknam and Reza Abbasnia and Yasser Eslamian
                  and Mohsen Bozorgnasab and Ehsan Adeli Mosabbeb},
  title = 	 {Source parameters estimation of 2003 Bam earthquake
                  Mw 6.5 using empirical Green's function method,
                  based on an evolutionary approach},
  journal = 	 {J. Earth Syst. Sci.},
  year = 	 {2010},
  OPTkey = 	 {},
  volume = 	 {119},
  number = 	 {3},
  pages = 	 {383--396},
  month = 	 {June},
}

%% Also tries to use GA to estimate defining parameters for one quake
@Article{Kennett1992,
  author = 	 {B. L. N. Kennet and M. S. Sambridge},
  title = 	 {Earthquake location â€” genetic algorithms for teleseisms},
  journal = 	 {Physics of the Earth and Planetary Interiors},
  year = 	 {1992},
  OPTkey = 	 {},
  volume = 	 {75},
  number = 	 {1--3},
  pages = 	 {103--110},
  month = 	 {December},
}

%%%% Estimating the Peak Ground Acceleration
@Article{Kermani2009,
  author = 	 {E. Kermani and Y. Jafarian and M. H. Baziar},
  title = 	 {New Predictive Models for the $v_{max}/a_{max}$
                  Ratio of Strong Ground Motions using Genetic
                  Programming},
  journal = 	 {International Journal of Civil Engineering},
  year = 	 {2009},
  OPTkey = 	 {},
  volume = 	 {7},
  number = 	 {4},
  pages = 	 {236--247},
  month = 	 {December},
}
@Article{Cabalar2009,
  author = 	 {Ali Firat Cabalar and Abdulkadir Cevik},
  title = 	 {Genetic Programming-based attenuation relationship:
                  An application of recent earthquakes in Turkey},
  journal = 	 {Computers and Geosciences},
  year = 	 {2009},  
  volume = 	 {35},
  pages = 	 {1884--1896},
  month = 	 {October},
}

%%%% Earthquake Forecasting

%% VERY BAD Paper, can't be reproduced
@InProceedings{Zhang2012,
  author = 	 {Qiuen Zhang and Cheng Wang},
  title = 	 {Using Genetic Algorithms to Optimize Artificial
                  Neural Network: a case study on Earthquake
                  Prediction},
  booktitle = {Second International Conference on Genetic and Evolutionary Computing},
  pages = 	 {128--131},
  year = 	 {2012},
  organization = {IEEE},
  OPTnote = 	 {http://www.slashdocs.com/quumy/using-genetic-algorithm-to-optimize-artificial-neural-network-a-case-study-on-earthquake-prediction.html},
}

%% Li Thesis
% No name in roman letters, can't find the correct reference

%%%%%%%%%%%%%%%%%%%%%%%%%%%%%
%% Miscelaneus

%% Numerical Recipes
@Book{NumericalRecipes,
  author = 	 {William H. Press and Saul A. Teukolsky and Willian
                  T. Vetterling and Brian P. Flannery},
  title = 	 {Numerical Recipes, The Art of Scientific Computing},
  publisher = 	 {Cambridge University Press},
  year = 	 {2007},
  edition = 	 {Third},
}

%% aNDX crossover operator by Someya
@Article{Someya2013,
  author = 	 {Hiroshi Someya},
  title = 	 {Striking a Mean- and Parent-Centric Balance in
                  Real-Valued Crossover Operators},
  journal = 	 {Transactions on Evolutionary Computation},
  year = 	 {2013},
  key = 	 {},
  volume = 	 {17},
  number = 	 {6},
  pages = 	 {737--754},
  month = 	 {December},
}

